@unpublished {clicknp,
	author = {Bojie Li and Kun Tan and Layong (Larry) Luo and Yanqing Peng and Renqian Luo and Ningyi Xu and Yongqiang Xiong and Peng Cheng},
	title = {ClickNP: Highly Flexible and High-performance Network Processing with Reconfigurable Hardware},
	booktitle = {SIGCOMM},
	publisher = {ACM},
	year = {2016}
}

@conference {azure,
	author = {A. Greenberg},
	title = {Windows Azure: Scaling SDN in the Public Cloud},
	booktitle = {Open Networking Summit},
	address = {Santa Clara, CA, USA},
	year = {2014}
}

@inproceedings {179731,
	author = {Teemu Koponen and Keith Amidon and Peter Balland and Martin Casado and Anupam Chanda and Bryan Fulton and Igor Ganichev and Jesse Gross and Paul Ingram and Ethan Jackson and Andrew Lambeth and Romain Lenglet and Shih-Hao Li and Amar Padmanabhan and Justin Pettit and Ben Pfaff and Rajiv Ramanathan and Scott Shenker and Alan Shieh and Jeremy Stribling and Pankaj Thakkar and Dan Wendlandt and Alexander Yip and Ronghua Zhang},
	title = {Network Virtualization in Multi-tenant Datacenters},
	booktitle = {11th USENIX Symposium on Networked Systems Design and Implementation (NSDI 14)},
	year = {2014},
	isbn = {978-1-931971-09-6},
	address = {Seattle, WA},
	pages = {203--216},
	url = {https://www.usenix.org/conference/nsdi14/technical-sessions/presentation/koponen},
	publisher = {USENIX Association},
}

@inproceedings{Martins:2014:CAN:2616448.2616491,
	author = {Martins, Joao and Ahmed, Mohamed and Raiciu, Costin and Olteanu, Vladimir and Honda, Michio and Bifulco, Roberto and Huici, Felipe},
	title = {ClickOS and the Art of Network Function Virtualization},
	booktitle = {Proceedings of the 11th USENIX Conference on Networked Systems Design and Implementation},
	series = {NSDI'14},
	year = {2014},
	isbn = {978-1-931971-09-6},
	location = {Seattle, WA},
	pages = {459--473},
	numpages = {15},
	url = {http://dl.acm.org/citation.cfm?id=2616448.2616491},
	acmid = {2616491},
	publisher = {USENIX Association},
	address = {Berkeley, CA, USA},
}

@inproceedings {180672,
	author = {Vyas Sekar and Norbert Egi and Sylvia Ratnasamy and Michael K. Reiter and Guangyu Shi},
	title = {Design and Implementation of a Consolidated Middlebox Architecture},
	booktitle = {Presented as part of the 9th USENIX Symposium on Networked Systems Design and Implementation (NSDI 12)},
	year = {2012},
	isbn = {978-931971-92-8},
	address = {San Jose, CA},
	pages = {323--336},
	url = {https://www.usenix.org/conference/nsdi12/technical-sessions/presentation/sekar},
	publisher = {USENIX},
}

@manual {edr,
	title = "Introducing EDR 100Gb/s - Enabling the Use of Data",
	year = {2014},
	organization = {Mellanox},
	address = {Sunnyvale, CA}
}

@inproceedings{Gandhi:2014:DCS:2619239.2626317,
	author = {Gandhi, Rohan and Liu, Hongqiang Harry and Hu, Y. Charlie and Lu, Guohan and Padhye, Jitendra and Yuan, Lihua and Zhang, Ming},
	title = {Duet: Cloud Scale Load Balancing with Hardware and Software},
	booktitle = {Proceedings of the 2014 ACM Conference on SIGCOMM},
	series = {SIGCOMM '14},
	year = {2014},
	isbn = {978-1-4503-2836-4},
	location = {Chicago, Illinois, USA},
	pages = {27--38},
	numpages = {12},
	url = {http://doi.acm.org/10.1145/2619239.2626317},
	doi = {10.1145/2619239.2626317},
	acmid = {2626317},
	publisher = {ACM},
	address = {New York, NY, USA},
	keywords = {SDN, datacenter, load balancing},
}

@inproceedings{Patel:2013:ACS:2486001.2486026,
	author = {Patel, Parveen and Bansal, Deepak and Yuan, Lihua and Murthy, Ashwin and Greenberg, Albert and Maltz, David A. and Kern, Randy and Kumar, Hemant and Zikos, Marios and Wu, Hongyu and Kim, Changhoon and Karri, Naveen},
	title = {Ananta: Cloud Scale Load Balancing},
	booktitle = {Proceedings of the ACM SIGCOMM 2013 Conference on SIGCOMM},
	series = {SIGCOMM '13},
	year = {2013},
	isbn = {978-1-4503-2056-6},
	location = {Hong Kong, China},
	pages = {207--218},
	numpages = {12},
	url = {http://doi.acm.org/10.1145/2486001.2486026},
	doi = {10.1145/2486001.2486026},
	acmid = {2486026},
	publisher = {ACM},
	address = {New York, NY, USA},
	keywords = {distributed systems, server load balancing, software defined networking},
}

@article{Han:2010:PGS:1851275.1851207,
	author = {Han, Sangjin and Jang, Keon and Park, KyoungSoo and Moon, Sue},
	title = {PacketShader: A GPU-accelerated Software Router},
	journal = {SIGCOMM Comput. Commun. Rev.},
	issue_date = {October 2010},
	volume = {40},
	number = {4},
	month = aug,
	year = {2010},
	issn = {0146-4833},
	pages = {195--206},
	numpages = {12},
	url = {http://doi.acm.org/10.1145/1851275.1851207},
	doi = {10.1145/1851275.1851207},
	acmid = {1851207},
	publisher = {ACM},
	address = {New York, NY, USA},
	keywords = {CUDA, GPU, software router},
}

@misc {cavium,
	title = {Cavium Networks OCTEON II processors},
	url = {http://www.cavium.com/}
}

@misc {netronome,
	title = {Netronome Flow Processor NFP-6xxx},
	url = {https://www.netronome.com/}
}

@conference {sigcomm2015keynote,
	author = {A. Greenberg},
	title = {SDN for the Cloud},
	booktitle = {SIGCOMM},
	publisher = {ACM},
	address = {London, UK},
	year = {2015}
}

@inproceedings{Naous:2008:NRR:1397718.1397720,
	author = {Naous, Jad and Gibb, Glen and Bolouki, Sara and McKeown, Nick},
	title = {NetFPGA: Reusable Router Architecture for Experimental Research},
	booktitle = {Proceedings of the ACM Workshop on Programmable Routers for Extensible Services of Tomorrow},
	series = {PRESTO '08},
	year = {2008},
	isbn = {978-1-60558-181-1},
	location = {Seattle, WA, USA},
	pages = {1--7},
	numpages = {7},
	url = {http://doi.acm.org/10.1145/1397718.1397720},
	doi = {10.1145/1397718.1397720},
	acmid = {1397720},
	publisher = {ACM},
	address = {New York, NY, USA},
	keywords = {modular design, netfpga, reuse},
}

@INPROCEEDINGS{5681761, 
	author={B. Betkaoui and D. B. Thomas and W. Luk}, 
	booktitle={Field-Programmable Technology (FPT), 2010 International Conference on}, 
	title={Comparing performance and energy efficiency of FPGAs and GPUs for high productivity computing}, 
	year={2010}, 
	pages={94-101}, 
	keywords={computer graphic equipment;coprocessors;field programmable gate arrays;reconfigurable architectures;CPU instruction set architecture;CUDA system;FPGA programming;FPGA-based hybrid-core system;GPU-based system;field-programmable gate array;graphics processing unit;high productivity computing system;high-productivity reconfigurable computer approach;Benchmark testing;Coprocessors;Field programmable gate arrays;Graphics processing unit;Instruction sets;Kernel;Programming}, 
	doi={10.1109/FPT.2010.5681761}, 
	month={Dec},
	address={Beijing, China}
}

@INPROCEEDINGS{5572788, 
	author={S. Kestur and J. D. Davis and O. Williams}, 
	booktitle={2010 IEEE Computer Society Annual Symposium on VLSI}, 
	title={BLAS Comparison on FPGA, CPU and GPU}, 
	year={2010}, 
	pages={288-293}, 
	keywords={field programmable gate arrays;matrix multiplication;CPU;FPGA optimizations;basic linear algebra subroutines;dot-product multiplication;double-precision floating point;embedded processors;energy efficiency;floating point values;high performance computing;massively parallel GPU;matrix-vector multiplication;parameterized modular implementations;scientific codes;Adders;Field programmable gate arrays;Graphics processing unit;Kernel;Libraries;Pipelines;Random access memory}, 
	doi={10.1109/ISVLSI.2010.84}, 
	ISSN={2159-3469}, 
	month={July},
	address={Lixouri, Greece}
}

@INPROCEEDINGS{6853195, 
	author={A. Putnam and A. M. Caulfield and E. S. Chung and D. Chiou and K. Constantinides and J. Demme and H. Esmaeilzadeh and J. Fowers and G. P. Gopal and J. Gray and M. Haselman and S. Hauck and S. Heil and A. Hormati and J. Y. Kim and S. Lanka and J. Larus and E. Peterson and S. Pope and A. Smith and J. Thong and P. Y. Xiao and D. Burger}, 
	booktitle={2014 ACM/IEEE 41st International Symposium on Computer Architecture (ISCA)}, 
	title={A reconfigurable fabric for accelerating large-scale datacenter services}, 
	year={2014}, 
	pages={13-24}, 
	keywords={computer centres;field programmable gate arrays;search engines;Bing Web search engine;commodity server designs;critical engineering;datacenter workloads;equivalent throughput;fixed latency distribution;flexibility;high computational capabilities;high-end Stratix V FPGA;large-scale datacenter services;large-scale software services;power efficiency;reconfigurable fabric;tail latency;Acceleration;Fabrics;Field programmable gate arrays;Hardware;Random access memory;Servers;Software}, 
	doi={10.1109/ISCA.2014.6853195}, 
	ISSN={1063-6897}, 
	month={June},
	address={Minneapolis, CA}
}

@article{Bacon:2013:FPM:2436256.2436271,
	author = {Bacon, David F. and Rabbah, Rodric and Shukla, Sunil},
	title = {FPGA Programming for the Masses},
	journal = {Commun. ACM},
	issue_date = {April 2013},
	volume = {56},
	number = {4},
	month = apr,
	year = {2013},
	issn = {0001-0782},
	pages = {56--63},
	numpages = {8},
	url = {http://doi.acm.org/10.1145/2436256.2436271},
	doi = {10.1145/2436256.2436271},
	acmid = {2436271},
	publisher = {ACM},
	address = {New York, NY, USA},
}

@article{McKeown:2008:OEI:1355734.1355746,
	author = {McKeown, Nick and Anderson, Tom and Balakrishnan, Hari and Parulkar, Guru and Peterson, Larry and Rexford, Jennifer and Shenker, Scott and Turner, Jonathan},
	title = {OpenFlow: Enabling Innovation in Campus Networks},
	journal = {SIGCOMM Comput. Commun. Rev.},
	issue_date = {April 2008},
	volume = {38},
	number = {2},
	month = mar,
	year = {2008},
	issn = {0146-4833},
	pages = {69--74},
	numpages = {6},
	url = {http://doi.acm.org/10.1145/1355734.1355746},
	doi = {10.1145/1355734.1355746},
	acmid = {1355746},
	publisher = {ACM},
	address = {New York, NY, USA},
	keywords = {ethernet switch, flow-based, virtualization},
}

@Inbook{Pagh2001,
	author="Pagh, Rasmus
		and Rodler, Flemming Friche",
	editor="auf der Heide, Friedhelm Meyer",
	chapter="Cuckoo Hashing",
	title="Algorithms --- ESA 2001: 9th Annual European Symposium {\AA}rhus, Denmark, August 28--31, 2001 Proceedings",
	year="2001",
	publisher="Springer Berlin Heidelberg",
	address="Berlin, Heidelberg",
	pages="121--133",
	isbn="978-3-540-44676-7",
	doi="10.1007/3-540-44676-1_10",
	url="http://dx.doi.org/10.1007/3-540-44676-1_10"
}

@inproceedings{Bosshart:2013:FMF:2486001.2486011,
	author = {Bosshart, Pat and Gibb, Glen and Kim, Hun-Seok and Varghese, George and McKeown, Nick and Izzard, Martin and Mujica, Fernando and Horowitz, Mark},
	title = {Forwarding Metamorphosis: Fast Programmable Match-action Processing in Hardware for SDN},
	booktitle = {Proceedings of the ACM SIGCOMM 2013 Conference on SIGCOMM},
	series = {SIGCOMM '13},
	year = {2013},
	isbn = {978-1-4503-2056-6},
	location = {Hong Kong, China},
	pages = {99--110},
	numpages = {12},
	url = {http://doi.acm.org/10.1145/2486001.2486011},
	doi = {10.1145/2486001.2486011},
	acmid = {2486011},
	publisher = {ACM},
	address = {New York, NY, USA},
	keywords = {reconfigurable match tables, rmt model, sdn},
}

@inproceedings{Alizadeh:2013:PMN:2486001.2486031,
	author = {Alizadeh, Mohammad and Yang, Shuang and Sharif, Milad and Katti, Sachin and McKeown, Nick and Prabhakar, Balaji and Shenker, Scott},
	title = {pFabric: Minimal Near-optimal Datacenter Transport},
	booktitle = {Proceedings of the ACM SIGCOMM 2013 Conference on SIGCOMM},
	series = {SIGCOMM '13},
	year = {2013},
	isbn = {978-1-4503-2056-6},
	location = {Hong Kong, China},
	pages = {435--446},
	numpages = {12},
	url = {http://doi.acm.org/10.1145/2486001.2486031},
	doi = {10.1145/2486001.2486031},
	acmid = {2486031},
	publisher = {ACM},
	address = {New York, NY, USA},
	keywords = {datacenter network, flow scheduling, packet transport},
}

@ARTICLE{895938, 
	author={Sung-Whan Moon and J. Rexford and K. G. Shin}, 
	journal={IEEE Transactions on Computers}, 
	title={Scalable hardware priority queue architectures for high-speed packet switches}, 
	year={2000}, 
	volume={49}, 
	number={11}, 
	pages={1215-1227}, 
	keywords={computational complexity;hardware description languages;packet switching;quality of service;queueing theory;Epoch silicon compiler;Verilog hardware description language;binary tree;comparators;high-speed packet switches;multiple first-in-first-out lists;packet-scheduling mechanisms;priority encoder;quality-of-service requirements;scalable hardware priority queue architectures;shift register;systolic array;tunable parameter;Binary trees;Buildings;Clocks;Hardware design languages;Packet switching;Quality of service;Shift registers;Silicon compiler;Switches;Systolic arrays}, 
	doi={10.1109/12.895938}, 
	ISSN={0018-9340}, 
	month={Nov},
}

@misc {s6000,
	title = {Dell Networking S6000 Spec Sheet},
	url = {http://www.dell.com/learn/us/en/12/shared-content~data-sheets~en/documents~dell_networking_s_series_s6000_spec_sheet.pdf}
}

@inproceedings{Barbette:2015:FUP:2772722.2772727,
	author = {Barbette, Tom and Soldani, Cyril and Mathy, Laurent},
	title = {Fast Userspace Packet Processing},
	booktitle = {Proceedings of the Eleventh ACM/IEEE Symposium on Architectures for Networking and Communications Systems},
	series = {ANCS '15},
	year = {2015},
	isbn = {978-1-4673-6632-8},
	location = {Oakland, California, USA},
	pages = {5--16},
	numpages = {12},
	url = {http://dl.acm.org/citation.cfm?id=2772722.2772727},
	acmid = {2772727},
	publisher = {IEEE Computer Society},
	address = {Washington, DC, USA},
	keywords = {click modular router, fast packet i/o, high-speed net- working, intel dpdk, multi-queue, netmap, network processing., numa, userspace i/o},
}

@misc {strongswan,
	title = {strongSwan the OpenSource IPsec-based VPN Solution},
	url = {https://www.strongswan.org/}
}

@misc {lvs,
	title = {The Linux Virtual Server Project - Linux Server Cluster for Load Balancing},
	url = {http://www.linuxvirtualserver.org/}
}
